@book{gabbay2013,
	title={{Handbook of Deontic Logic and Normative Systems}},
	author={D. Gabbay  and  J. Horty and X. Parent and R. van der Meyden and L. van der Torre},
	year={2013},
	publisher={College Publications},
	address={UK},
	volume={1}
}


@article{CJ13,
	author =        {J. Carmo and A.J.I. Jones},
	journal =       {Journal~of Logic and Computation},
	number =        {3},
	pages =         {585-626},
	title =         {Completeness and decidability results for a logic of
	contrary-to-duty conditionals},
	volume =        {23},
	year =          {2013},
}





@article{Jones1992-JONDLI,
	title = {Deontic Logic in the Representation of Law: Towards a Methodology},
	year = {1992},
	author = {Andrew J. I. Jones and Marek Sergot},
	volume = {1},
	pages = {45--64},
	number = {1},
	journal = {Artificial Intelligence and Law}
}

@Book{ddl:L73old,
	author =	 "D. Lewis",
	title =	 "Counterfactuals",
	year =	 "1973",
	publisher  =	"Blackwell",
	address =	"Oxford"
}




@Book{ddl:C80,
	author = 	 "B. Chellas",
	title =           "Modal Logic",
	year = 	 "1980",
	publisher =	"Cambridge University Press",
	address = "Cambridge"
}



@InCollection{Carmo2002,
	author="Carmo, J. and Jones, A. J. I.",
	title="Deontic logic and contrary-to-duties",
	pages="265-343",
	OPTtitle="Handbook of Philosophical Logic: Volume 8",
	booktitle="Handbook of Philosophical Logic: Volume 8",
	editor="Gabbay, D. M. and Guenthner, F.",
	year="2002",
	publisher="Springer Netherlands",
	address="Dordrecht"
}










@article{J48,
Author =	 {Benzm{\"u}ller, Christoph and Parent, Xavier and van
                  der Torre, Leendert},
Keywords =	 {own, submitted, Normative Reasoning, Deontic Logic, Machine Ethics, Formal Methods, Automated Reasoning, ProoF Assistants, Explainable AI},
Journal =	 {Artificial Intelligence (to appear)},
OPTPublisher = {Elsevier},
Title =	 {Designing Normative Theories of Ethical Reasoning: {LogiKEy} Formal Framework, Methodology, and Tool Support},
Year =	 2020,
Pages = {1--50},
Note =	 {Preprint: \url{https://arxiv.org/abs/1903.10187}},
}

@InProceedings{DeepShallow2,
author="Svenningsson, Josef
and Axelsson, Emil",
editor="Loidl, Hans-Wolfgang
and Pe{\~{n}}a, Ricardo",
title="Combining Deep and Shallow Embedding for {EDSL}",
booktitle="Trends in Functional Programming",
year="2013",
publisher="Springer Berlin Heidelberg",
address="Berlin, Heidelberg",
pages="21--36",
isbn="978-3-642-40447-4"
}




@inproceedings{DeepShallow,
  author    = {Jeremy Gibbons and
               Nicolas Wu},
  title     = {Folding domain-specific languages: deep and shallow embeddings (functional
               Pearl)},
  booktitle = {Proceedings of the 19th {ACM} {SIGPLAN} international conference on
               Functional programming, Gothenburg, Sweden, September 1-3, 2014},
  pages     = {339--347},
  doi       = {10.1145/2628136.2628138},
  editor    = {Johan Jeuring and
               Manuel M. T. Chakravarty},
  publisher = {{ACM}},
  year      = {2014},
}


@article{steenportrayal,
  title={Higher-order theorem proving and its applications},
  author={Steen, Alexander},
  journal={it -- Information Technology},
  publisher={De Gruyter Oldenbourg},
  year={2019},
  volume={61},
  issue = {4},
  pages={187-191},
  doi={10.1515/itit-2019-0001},
}

@book{IAS,
  editor    = {Dilip Kumar Pratihar and
               Lakhmi C. Jain},
  title     = {Intelligent Autonomous Systems: Foundations and Applications},
  series    = {Studies in Computational Intelligence},
  volume    = {275},
  publisher = {Springer},
  year      = {2010},
  url       = {https://doi.org/10.1007/978-3-642-11676-6},
  doi       = {10.1007/978-3-642-11676-6},
  isbn      = {978-3-642-11675-9},
  timestamp = {Tue, 16 May 2017 14:24:30 +0200},
  biburl    = {https://dblp.org/rec/bib/series/sci/2010-275},
  bibsource = {dblp computer science bibliography, https://dblp.org}
}


@techreport{R63,
  Author =	 {Benzm{\"u}ller, Christoph and Farjami, Ali and
                  Parent, Xavier},
  Keywords =	 {own, Higher Order Logic, Deontic Logic, Automated
                  Reasoning, Universal Reasoning},
  Title =	 {Faithful Semantical Embedding of a Dyadic Deontic
                  Logic in {HOL}},
  Institution =	 {CoRR},
  Note =	 {\url{https://arxiv.org/abs/1802.08454}},
  Url =		 {https://arxiv.org/abs/1802.08454},
  Year =	 2018
}

@article{gob19,
author={Lou Goble},
title={Axioms for {H}ansson's Dyadic Deontic Logics},
journal={Filosofiska Notiser },
pages={13-61},
year={2019},
issue={6}
}
 

@inproceedings{C56,
  Address =	 {Berlin, Germany},
  Author =	 {Alexander Steen and Max Wisniewski and Christoph
                  Benzm{\"u}ller},
  Booktitle =	 {Mathematical Software -- ICMS 2016, 5th
                  International Congress, Proceedings},
  Editor =	 {G.-M. Greuel and T. Koch and P. Paule and
                  A. Sommese},
  Isbn =	 {978-3-319-42431-6},
  Keywords =	 {own, Higher Order Logic, Automated Reasoning, LEO
                  Prover},
  Publisher =	 {Springer},
  Series =	 {Lecture Notes in Computer Science},
  Title =	 {Agent-Based {HOL} Reasoning},
  OPTNote =	 {Preprint:
                  \url{http://christoph-benzmueller.de/papers/C56.pdf}},
  Volume =	 9725,
  Year =	 2016,
  Pages =	 {75-81},
}


@misc{J51,
  Author =	 {Steen, Alexander and Benzm{\"u}ller, Christoph},
  Title =	 {Extensional Higher-Order Paramodulation in {Leo-III}},
  OPTJournal =	 {Submitted},
  pages = {1-34},
  Note ={Submitted, preprint: \url{https://arxiv.org/abs/1907.11501}},
  Year =	 {2019}
}


@inproceedings{Nunchaku,
  author    = {Simon Cruanes and
               Jasmin Christian Blanchette},
  title     = {Extending Nunchaku to Dependent Type Theory},
  booktitle = {Proceedings First International Workshop on Hammers for Type Theories,
               HaTT@IJCAR 2016, Coimbra, Portugal, July 1, 2016.},
  pages     = {3--12},
  year      = {2016},
  editor    = {Jasmin Christian Blanchette and
               Cezary Kaliszyk},
  series    = {{EPTCS}},
  volume    = {210},
}

@Book{ddl:A87,
  author =	 "L. {\AA}qvist",
  title =	 "An Introduction to Deontic logic and the Theory of Normative Systems",
   year =	 "1987",
  publisher  =	"Bibliopolis",
  address =	"Naples",
 serie =	 "Indices"
}

@inproceedings{Agda,
  author    = {Ana Bove and
               Peter Dybjer and
               Ulf Norell},
  title     = {A Brief Overview of {Agda} -- {A} Functional Language with Dependent
               Types},
  booktitle = {Theorem Proving in Higher Order Logics, 22nd International Conference,
               TPHOLs 2009, Munich, Germany, August 17-20, 2009. Proceedings},
  pages     = {73--78},
  year      = {2009},
  editor    = {Stefan Berghofer and
               Tobias Nipkow and
               Christian Urban and
               Makarius Wenzel},
  volume    = {5674},
  publisher = {Springer},
}

@inproceedings{Lean,
  author    = {Leonardo Mendon{\c{c}}a de Moura and
               Soonho Kong and
               Jeremy Avigad and
               Floris van Doorn and
               Jakob von Raumer},
  title     = {The {Lean} Theorem Prover (System Description)},
  booktitle = {Automated Deduction -- {CADE-25} -- 25th International Conference on
               Automated Deduction, Berlin, Germany, August 1--7, 2015, Proceedings},
  pages     = {378--388},
  year      = {2015},
  editor    = {Amy P. Felty and
               Aart Middeldorp},
  series    = {Lecture Notes in Computer Science},
  volume    = {9195},
  publisher = {Springer},
}

@book{Coq,
  author =	 {Bertot, Y. and Casteran, P.},
  publisher =	 {Springer},
  title =	 {{Interactive Theorem Proving and Program
                  Development}},
  year =	 2004,
 
}

@TechReport{Arkin09,
  author = 	 {Arkin, Ronald C. and Patrick Ulam and Brittany Duncan},
  title = 	 {An Ethical Governor for Constraining Lethal Action in an Autonomous System},
  institution =  {Georgia Institute of Technology.},
  year = 	 2009,
  number = 	 {GIT-GVU-09-02}}


@incollection{GovindarajuluB15,
  author    = {Naveen Sundar Govindarajulu and
               Selmer Bringsjord},
  title     = {Ethical Regulation of Robots Must Be Embedded in Their Operating Systems},
  booktitle = {A Construction Manual for Robots' Ethical Systems -- Requirements,
               Methods, Implementations},
  pages     = {85--99},
  year      = {2015},
  editor    = {Robert Trappl},
  series    = {Cognitive Technologies},
  publisher = {Springer},
}



@inproceedings{Arkin15,
  author    = {Ronald C. Arkin},
  title     = {Civilized collaboration: Ethical architectures for enforcing legal
               requirements and mediating social norms in {HRI}},
  booktitle = {2015 International Conference on Collaboration Technologies and Systems,
               {CTS} 2015, Atlanta, GA, USA, June 1-5, 2015},
  pages     = {38},
  year      = {2015},
  publisher = {{IEEE}},
}


@article{Arkin12,
  author    = {Ronald C. Arkin and
               Patrick Ulam and
               Alan R. Wagner},
  title     = {Moral Decision Making in Autonomous Systems: Enforcement, Moral Emotions,
               Dignity, Trust, and Deception},
  journal   = {Proceedings of the {IEEE}},
  volume    = {100},
  number    = {3},
  pages     = {571--589},
  year      = {2012},
}

@inproceedings{Arkin08,
  author    = {Ronald C. Arkin},
  title     = {Governing lethal behavior: embedding ethics in a hybrid deliberative/reactive
               robot architecture},
  booktitle = {Proceedings of the 3rd {ACM/IEEE} international conference on Human
               robot interaction, {HRI} 2008, Amsterdam, The Netherlands, March 12-15,
               2008},
  pages     = {121--128},
  year      = {2008},
  editor    = {Terry Fong and
               Kerstin Dautenhahn and
               Matthias Scheutz and
               Yiannis Demiris},
  publisher = {{ACM}},
}

@article{Barcan46,
 OPTISSN = {00224812},
 OPTURL = {http://www.jstor.org/stable/2269159},
 author = {Ruth C. Barcan},
 journal = {The Journal of Symbolic Logic},
 number = {1},
 pages = {1--16},
 publisher = {Association for Symbolic Logic},
 title = {A Functional Calculus of First Order Based on Strict Implication},
 volume = {11},
 year = {1946}
}



@incollection{Lowe,
author={Lowe, E. J.},
title={A modal version of the ontological argument.},
editor={Moreland, J. P. and Sweis, K. A. and Meister, C. V.},
booktitle={Debating Christian Theism},
chapter={4},
pages={61--71},
publisher={Oxford University Press},
year={2013},
}


@inproceedings{Murakami04,
  author    = {Yuko Murakami},
  title     = {Utilitarian Deontic Logic},
  booktitle = {Advances in Modal Logic 5, papers from the fifth conference on "Advances
               in Modal logic," held in Manchester, UK, 9-11 September 2004},
  pages     = {211--230},
  year      = {2004},
  editor    = {Renate A. Schmidt and
               Ian Pratt{-}Hartmann and
               Mark Reynolds and
               Heinrich Wansing},
  publisher = {King's College Publications},
}

@article{lori2013,
author ={Emiliano Lorini}, 
title ={Temporal {STIT} logic and its application to normative reasoning},
journal={Journal of Applied Non-Classical Logics},
year={2013},
volume={2013},
issue={4},
pages={372-399}}


@InProceedings{ruleml,
author="Palmirani, Monica
and Governatori, Guido
and Rotolo, Antonino
and Tabet, Said
and Boley, Harold
and Paschke, Adrian",
editor="Olken, Frank
and Palmirani, Monica
and Sottara, Davide",
title="{LegalRuleML}: {XML}-Based Rules and Norms",
booktitle="Rule-Based Modeling and Computing on the Semantic Web",
year="2011",
publisher="Springer Berlin Heidelberg",
address="Berlin, Heidelberg",
pages="298--312"
}

@article{Kaplan1979,
  title={On the logic of demonstratives},
  author={Kaplan, David},
  journal={Journal of Philosophical Logic},
  volume={8},
  number={1},
  pages={81--98},
  year={1979},
  publisher={Springer}
}

@InCollection{Kaplan1989,
  title={Afterthoughts},
  booktitle={Themes from Kaplan},
  author={Kaplan, David},
  editor={Almog, J. and Perry, J.  and Wettstein, H.},
  pages={565--614},
  publisher={Oxford University Press},
  year={1989}
}

@book{LogicCombining,
  title={Analysis and Synthesis of Logics},
  author={Carnielli, Walter and Coniglio, Marcelo and Gabbay, Dov M. and Gouveia Paula and Sernadas, Cristina},
  year={2008},
  series={Applied Logics Series},
  number={35},
  publisher={Springer}
}

@article{Segerberg73,
  author    = {Krister Segerberg},
  title     = {Two-dimensional modal logic},
  journal   = {Jounral of Philosophical Logic},
  volume    = {2},
  number    = {1},
  pages     = {77--96},
  year      = {1973}
}

@article{J47,
Keywords = {own, Higher Order Logic, Higher Order Modal Logic,
                  Universal Reasoning, Computational Metaphysics, Philosophy},
Author = {Kirchner, Daniel and Benzm{\"u}ller, Christoph and Zalta, Edward N.},
Journal = {Open Philosophy},
Title =	 {Computer Science and Metaphysics: A Cross-Fertilization},
Editor = {Patrick Grim},
Year =	 2019,
Volume = 2,
OPTnumber = 1,
Pages = {230--251},
Doi = {10.1515/opphil-2019-0015},
OPTNote =	 {Preprint: \url{http://doi.org/10.13140/RG.2.2.25229.18403}},
OPTUrl = {https://arxiv.org/abs/1905.00787},
}

@inproceedings{C34,
  Author =	 {Christoph Benzm{\"u}ller and Jens Otten and Thomas
                  Raths},
  Booktitle =	 {ECAI 2012},
  Comment =	 {<a href="http://christoph-benzmueller.de//papers/2012_ECAI.pdf">slides</a>},
  Editor =	 {Luc De Raedt and Christian Bessiere and Didier
                  Dubois and Patrick Doherty and Paolo Frasconi and
                  Fredrik Heintz and Peter Lucas},
  Isbn =	 {978-1-61499-097-0},
  Keywords =	 {own, Higher Order Logic, Semantic Embedding, Modal
                  Logics, Automated Reasoning},
  Pages =	 {163-168},
  Publisher =	 {IOS Press},
  Series =	 {Frontiers in Artificial Intelligence and
                  Applications},
  Title =	 {Implementing and Evaluating Provers for First-order
                  Modal Logics},
  Volume =	 242,
  Year =	 2012,
}

@article{J44,
  Author =	 {Christoph Benzm\"uller},
  Journal =	 {Data in brief},
  Keywords =	 {own, Universal Logical Reasoning},
  Title =	 {Universal (Meta-)Logical Reasoning: The Wise Men Puzzle},
  Volume =       24,
  OPTNumber =       103774,
  Pages = 103774,
  Year =	 2019,  
  OPTNote = {Open Access}
}

@book{gabbay2003many,
  title={Many-dimensional Modal Logics: Theory and Applications},
  author={Gabbay, D.M.},
  series={Studies in logic and the foundations of mathematics},
  year={2003},
  publisher={North Holland Publishing Company}
}


@InProceedings{C77,
  Keywords =	 {own, Higher Order Logic, Universal Reasoning, Logic Combinations, Machine Ethics},
  author = 	 {Fuenmayor, David and Benzm{\"u}ller, Christoph},
  title = 	 {Mechanised Assessment of Complex Natural-Language Arguments using Expressive Logic Combinations},
  booktitle =    {Frontiers of Combining Systems, 12th International Symposium, FroCoS 2019, London, September 4-6},
  year = 	 2019,
  series = 	 {Lecture Notes in Artificial Intelligence},
  publisher =    {Springer},
  pages = {1--17},
  note = 	 {In print, preprint \url{http://doi.org/10.13140/RG.2.2.20803.45608/1}},
}

@InProceedings{C76,
  Keywords =	 {own, Higher Order Logic, Deontic Logic, Automated
                  Reasoning, Universal Reasoning, Machine Ethics},
  author = 	 {Fuenmayor, David and Benzm{\"u}ller, Christoph},
  title = 	 {Harnessing Higher-Order (Meta-)Logic to Represent and Reason with Complex Ethical Theories},
  booktitle =    {PRICAI 2019: Trends in Artificial Intelligence},
  year = 	 2019,
  series = 	 {Lecture Notes in Artificial Intelligence},
  publisher =    {Springer International Publishing},
  pages = {1--14},
  note = 	 {In print, preprint \url{http://arxiv.org/abs/1903.09818}},
}


@inproceedings{MalleEtAl2017,
	Author = {Malle, B. F. and Scheutz, M. and Austerweil, J. L.},
	Title = {Networks of Social and Moral Norms in Human and Robot Agents},
	Booktitle = {A World with Robots: International Conference on Robot Ethics: ICRE 2015},
   Address = {Cham},
	Year = {2017},
	Editor = {Aldinhas Ferreira, Maria Isabel and Silva Sequeira, Joao and Tokhi, Mohammad Osman and E. Kadar, Endre and Virk, Gurvinder Singh},
	Pages = {3--17},
	Publisher = {Springer International Publishing}
}

@article{DBLP:journals/sLogica/StrasserBP16,
  author    = {C. Stra{\ss}er and
               M. Beirlaen and
               Van De Putte, F.},
  title     = {Adaptive Logic Characterizations of Input/Output Logic},
  journal   = {Studia Logica},
  volume    = {104},
  number    = {5},
  pages     = {869--916},
  year      = {2016}
}

@inproceedings{Leo-III,
  Author =	 {Alexander Steen and Christoph Benzm{\"u}ller},
  Booktitle =	 {Automated Reasoning. IJCAR 2018},
  Editor =	 {Didier Galmiche and Stephan Schulz and Roberto
                  Sebastiani},
  Keywords =	 {own, Higher Order Logic, Automated Reasoning, LEO
                  Prover},
  Publisher =	 {Springer, Cham},
  Series =	 {Lecture Notes in Computer Science},
  Title =	 {The Higher-Order Prover {Leo-III}},
  OPTNote =	 {Url (preprint): {https://tinyurl.com/y7wg5w5w}},
  volume =	 10900,
  pages =	 {108-116},
  Year =	 2018,
}
@book{strasser,
author= {C.  Stra{\ss}er},
title ={Adaptive Logics for Defeasible Reasoning: Applications in Argumentation, Normative Reasoning and Default Reasoning},
year ={2013},
publisher ={Springer}}


@inproceedings{C75,
  Author =	 {David Fuenmayor and Christoph Benzm{\"u}ller},
  Title =	 {Automated Reasoning with Complex Ethical Theories -- A Case Study Towards Responsible {AI}},
  Booktitle =	 {16th International Congress on Logic, Methodology and Philosophy of Science and Technology},
  year =	 2019,
  Address =      {Prague, Czechia, August 5-10},
  Note =	 {To appear, accepted symposium presentation},
}

@InCollection{pereira17:_count,
  author = 	 {L. M. Pereira and A. Saptawijaya},
  title = 	 {Counterfactuals, logic programming and agent morality},
  booktitle = 	 {Applied Formal/Mathematical Philosophy},
  publisher = {Springer},
  year = 	 2017,
  editor = 	 {R. Urbaniak and G. Payette},
  pages = {25--53},
  series = 	 {Logic, Argumentation
\& Reasoning}
}


@article{DBLP:journals/igpl/SaptawijayaP16,
  author    = {A. Saptawijaya and
               L. M. Pereira},
  title     = {Logic programming for modeling morality},
  journal   = {Logic Journal of the {IGPL}},
  volume    = {24},
  number    = {4},
  pages     = {510--525},
  year      = {2016},
 }


@Article{Andrews:gmdacitt72,
  author =       "Peter B. Andrews",
  journal =      "Journal of Symbolic Logic",
  number =       2,
  pages =        "385--394",
  title =        "General Models, Descriptions, and Choice in Type
                  Theory",
  volume =       37,
  year =         1972,
}


@article{DBLP:journals/aim/Sutcliffe16,
  author    = {Geoff Sutcliffe},
  title     = {The {CADE} {ATP} System Competition - {CASC}},
  journal   = {{AI} Magazine},
  volume    = {37},
  number    = {2},
  pages     = {99--101},
  year      = {2016},
  url       = {http://www.aaai.org/ojs/index.php/aimagazine/article/view/2620},
  timestamp = {Tue, 26 Jul 2016 16:23:25 +0200},
  biburl    = {https://dblp.org/rec/journals/aim/Sutcliffe16.bib},
  bibsource = {dblp computer science bibliography, https://dblp.org}
}

@article{J22,
  Author =	 {Geoff Sutcliffe and Christoph Benzm{\"u}ller},
  Issn =	 {1972-5787},
  Journal =	 {Journal of Formalized Reasoning},
  Keywords =	 {own, Higher Order Logic, Automated Reasoning, Henkin
                  Semantics},
  Number =	 1,
  Pages =	 {1-27},
  Title =	 {Automated Reasoning in Higher-Order Logic using the
                  {TPTP THF} Infrastructure},
  Note =	 {Preprint:
                  \url{http://christoph-benzmueller.de/papers/J22.pdf}},
  url = {https://jfr.unibo.it/article/view/1710},		  
  Volume =	 3,
  Year =	 2010,
}

@ARTICLE{GRUNGE2019,
       author = {{Brown}, Chad E. and {Gauthier}, Thibault and {Kaliszyk}, Cezary and
         {Sutcliffe}, Geoff and {Urban}, Josef},
        title = "{GRUNGE: A Grand Unified ATP Challenge}",
      journal = {arXiv e-prints},
     keywords = {Computer Science -- Logic in Computer Science},
         year = "2019",
        month = "Mar",
          OPTeid = {arXiv:1903.02539},
        pages = {arXiv:1903.02539},
OPTarchivePrefix = {arXiv},
       OPTeprint = {1903.02539},
 primaryClass = {cs.LO},
       adsurl = {https://ui.adsabs.harvard.edu/\#abs/2019arXiv190302539B},
      adsnote = {Provided by the SAO/NASA Astrophysics Data System}
}


@article{c63,
   author = {R. Chisholm},
   title = {Contrary-to-duty imperatives and deontic logic},
   journal = {Analysis},
   volume = {24},
   pages = {33-36},
   year = {1963},
}

@inproceedings{DBLP:journals/corr/abs-1812-04741,
  OPTaddress =       {Honolulu, USA},
  author =        {Liao, B. and Slavkovik,M. and {van der Torre}, L.},
  booktitle =     {AAAI/ACM Conference on Artificial Intelligence,
                   Ethics and Society},
  note =          {forthcoming},
  publisher =     {URL (preprint): \url{https://arxiv.org/pdf/1812.04741.pdf}},
  title =         {Building {J}iminy {C}ricket: An Architecture for
                   Moral Agreements Among Stakeholders},
  year =          {2019},
  pages = {1--15},
}

@article{Dung,
  author =        {Dung, Phan Minh},
  journal =       {Artificial Intelligence},
  month =         sep,
  number =        {2},
  pages =         {321--357},
  title =         {On the Acceptability of Arguments and Its Fundamental
                   Role in Nonmonotonic Reasoning, Logic Programming and
                   N-person Games},
  volume =        {77},
  year =          {1995},
}

@book{nmas,
  address =       {{L}ondon, UK},
  booktitle =     {Handbook of Normative Multi-Agent Systems},
  editor =        {Amit Chopra and Leendert van der Torre and Harko Verhagen},
  publisher =     {College Publications},
  title =         {Handbook of Normative Multi-Agent Systems},
  year =          {2018}
}






@book{deon:handbook,
  address =       {{L}ondon, UK},
  booktitle =     {Handbook of Deontic Logic and Normative Systems},
  editor =        {D. Gabbay and J. Horty and X. Parent and
                   R. van der Meyden and L. van der Torre},
  publisher =     {College Publications},
  title =         {Handbook of Deontic Logic and Normative Systems},
  volume =        {1},
  year =          {2013},
}

@book{textbook18,
  address =       {London, UK},
  author =        {Xavier Parent and Leendert van der Torre},
  publisher =     {College Publications},
  title =         {Introduction to Deontic Logic and Normative Systems},
  year =          {2018},
}

@article{J41,
  author =        {Christoph Benzm{\"u}ller},
  journal =       {Science of Computer Programming},
  pages =         {48-62},
  title =         {Universal (Meta-)Logical Reasoning: Recent Successes},
  volume =        {172},
  year =          {2019},
}

@book{Isabelle,
  author =        {Nipkow, T. and Paulson, L.C. and Wenzel, M.},
  publisher =     {Springer},
  series =        {Lecture Notes in Computer Science},
  title =         {{{Isabelle/HOL}: A Proof Assistant for Higher-Order
                   Logic}},
  volume =        {2283},
  year =          {2002},
}

@article{J30,
  author =        {Christoph Benzm{\"u}ller and Nik Sultana and
                   Lawrence C. Paulson and Frank Thei{\ss}},
  journal =       {Journal of Automated Reasoning},
  number =        {4},
  pages =         {389-404},
  title =         {The Higher-Order Prover {LEO-II}},
  volume =        {55},
  year =          {2015}
}

@inproceedings{LeoPARD,
  author =        {Max Wisniewski and Alexander Steen and
                   Christoph Benzm{\"{u}}ller},
  booktitle =     {Intelligent Computer Mathematics -- International
                   Conference, {CICM} 2015, Washington, DC, USA, July
                   13-17, 2015, Proceedings},
  editor =        {Manfred Kerber and Jacques Carette and
                   Cezary Kaliszyk and Florian Rabe and Volker Sorge},
  pages =         {325--330},
  publisher =     {Springer},
  series =        {Lecture Notes in Computer Science},
  title =         {{LeoPARD} -- {A} Generic Platform for the Implementation
                   of Higher-Order Reasoners},
  volume =        {9150},
  year =          {2015}
}

@article{J45,
Author =	 {Christoph Benzm{\"u}ller and Ali Farjami and Xavier Parent},
Journal =	 {Journal of Applied Logics -- IfCoLoG Journal of Logics and their Applications (Special Issue on Reasoning for Legal AI)},
Editor =	 {Alemany, Laura Alonso and Simari, Guillermo and van der Torre, Leon},
Title =	 {{{\AA}qvist's} Dyadic Deontic Logic {E} in {HOL}},
Volume = 6,
Number = 5,
Pages =        {733--755},
OPTNote =         {Preprint: \url{https://www.researchgate.net/publication/332786724_Aqvist's_Dyadic_Deontic_Logic_E_in_HOL}},
OPTUrl =         {https://www.researchgate.net/publication/332786724_Aqvist's_Dyadic_Deontic_Logic_E_in_HOL},
Year =	 2019,
}

@article{J46,
Author =	 {Christoph Benzm{\"u}ller and Ali Farjami and Paul Meder and Xavier Parent},
Journal =	 {Journal of Applied Logics -- IfCoLoG Journal of Logics and their Applications (Special Issue on Reasoning for Legal AI)},
Editor =	 {Alemany, Laura Alonso and Simari, Guillermo and van der Torre, Leon},
Title =	 {{I/O} Logic in {HOL}},
Pages =        {715--732},
Volume = 6,
Number = 5,
OPTNote =         {Preprint: \url{https://www.researchgate.net/publication/332786587_IO_Logic_in_HOL}},
OPTUrl =       {https://www.researchgate.net/publication/332786587_IO_Logic_in_HOL},
Year =	 2019,
}

@inproceedings{C62,
  address =       {Maun, Botswana},
  author =        {Tobias Glei{\ss}ner and Alexander Steen and
                   Christoph Benzm{\"u}ller},
  booktitle =     {LPAR-21. 21st International Conference on Logic for
                   Programming, Artificial Intelligence and Reasoning},
  editor =        {Thomas Eiter and David Sands},
  pages =         {14-30},
  publisher =     {EasyChair},
  series =        {EPiC Series in Computing},
  title =         {Theorem Provers for Every Normal Modal Logic},
  volume =        {46},
  year =          {2017},
}

@mastersthesis{MederMasters,
  author =        {Paul Meder},
  school =        {Faculty of Science, Technology and Communication,
                   University of Luxembourg},
  title =         {Deontic {A}gency and {M}oral {L}uck},
  year =          {2018},
  url={http://orbilu.uni.lu/handle/10993/39770}
}

@article{GewirthProofAFP,
  author =        {David Fuenmayor and Christoph Benzm\"uller},
  journal =       {Archive of Formal Proofs},
  pages =         {1--13},
  title =         {Formalisation and Evaluation of {Alan Gewirth's}
                   Proof for the {Principle of Generic Consistency} in
                   {Isabelle/HOL}},
  year =          {2018},
  issn =          {2150-914x},
  url =           {http://isa-afp.org/entries/GewirthPGCProof.html},
}

@article{J23,
  author =        {Christoph Benzm{\"u}ller and Paulson, Lawrence C.},
  journal =       {Logica Universalis (Special Issue on Multimodal
                   Logics)},
  number =        {1},
  pages =         {7-20},
  title =         {Quantified Multimodal Logics in Simple Type Theory},
  volume =        {7},
  year =          {2013},
}

@article{Sledgehammer,
  author =        {Jasmin Christian Blanchette and Sascha B{\"{o}}hme and
                   Paulson, Lawrence C.},
  journal =       {Journal of Automated Reasoning},
  number =        {1},
  pages =         {109--128},
  title =         {Extending {Sledgehammer} with {SMT} Solvers},
  volume =        {51},
  year =          {2013},
}

@incollection{DBLP:books/el/RV01/OhlbachNRG01,
  author =        {Ohlbach, H.J. and Nonnengart, A. and de Rijke, M. and
                   Gabbay, D.M.},
  booktitle =     {Handbook of Automated Reasoning (in 2 volumes)},
  editor =        {J.A. Robinson and A. Voronkov},
  pages =         {1403--1486},
  publisher =     {Elsevier and {MIT} Press},
  title =         {Encoding Two-Valued Nonclassical Logics in Classical
                   Logic},
  year =          {2001},
}



@inproceedings{C37,
  address =       {Beijing, China},
  author =        {Christoph Benzm{\"u}ller},
  booktitle =     {Proceedings of the Twenty-Third International Joint Conference on Artificial Intelligence},
  editor =        {Francesca Rossi},
  pages =         {746-753},
  publisher =     {AAAI Press},
  title =         {Automating Quantified Conditional Logics in {HOL}},
  year =          {2013},
  url = {https://www.aaai.org/ocs/index.php/IJCAI/IJCAI13/paper/view/6696},
  isbn =          {978-1-57735-633-2},
}

@article{J31,
  author =        {Christoph Benzm{\"u}ller},
  journal =       {Journal of Philosophical Logic},
  number =        {3},
  pages =         {333-353},
  title =         {Cut-Elimination for Quantified Conditional Logic},
  volume =        {46},
  year =          {2017}
}

@article{wright:51,
  author =        {von Wright, G. H.},
  journal =       {Mind},
  pages =         {1-15},
  title =         {Deontic Logic},
  volume =        {60},
  year =          {1951},
}


@article{ddl:H69,
  author =        {B. Hansson},
  journal =       {No$\hat{\mbox{u}}$s},
  number =        {4},
  pages =         {373-398},
  title =         {An analysis of some deontic logics},
  volume =        {3},
  year =          {1969},
}

@incollection{ddl:A02,
  address =       {Dordrecht, Holland},
  author =        {L. {\AA}qvist},
  booktitle =     {Handbook of Philosophical Logic},
  edition =       {2nd},
  editor =        {D. Gabbay and F. Guenthner},
  pages =         {147-264},
  publisher =     {Kluwer Academic Publishers},
  title =         {Deontic logic},
  volume =        {8},
  year =          {2002},
}
@article{ddl:parent15,
  author =        {Parent, X.},
  journal =       {Review of Symbolic Logic},
  number =        {1},
  pages =         {164-177},
  title =         {Completeness of {{\AA}}qvist's systems {E} and {F}},
  volume =        {8},
  year =          {2015},
}



@book{horty,
  address =       {London, UK},
  author =        {J. Horty},
  publisher =     {Oxford University Press},
  title =         {Agency and Deontic Logic},
  year =          {2009},
}

@incollection{Hansen14,
  address =       {Dordrecht},
  author =        {J. Hansen},
  booktitle =     {David Makinson on Classical Methods for Non-Classical
                   Problems},
  editor =        {S. O. Hansson},
  pages =         {287-333},
  publisher =     {Springer},
  title =         {Reasoning About Permission and Obligation},
  year =          {2014},
}

@article{pub59,
  author =        {X. Parent and L. van der Torre},
  journal =     {Journal of Applied Logics -- IfCoLog Journal of Logics and their Applications},
  pages =         {2996-3039},
  title =         {Detachment in Normative Systems: Examples, Inference
                   Patterns, Properties.},
  volume =        {4},
  year =          {2017},
}

@article{DBLP:journals/jphil/MakinsonT00,
  author =        {David Makinson and Leendert W. N. van der Torre},
  journal =       {Journal of Philosophical Logic},
  number =        {4},
  pages =         {383--408},
  title =         {Input/Output Logics},
  volume =        {29},
  year =          {2000}
}

@book{gordon95,
  address =       {New York},
  author =        {T. Gordon},
  publisher =     {Springer},
  title =         {The Pleading Game: an Artificial Intelligence Model
                   of Procedural Approach},
  year =          {1995},
}

@book{sartor2005,
  author =        {Giovanni Sartor},
  publisher =     {Springer},
  title =         {Legal Reasoning: A Cognitive Approach to Law},
  year =          {2005},
}

@inproceedings{C71,
  author =        {Benzm{\"u}ller, Christoph and Farjami, Ali and
                   Parent, Xavier},
  booktitle =     {{Deontic Logic and Normative Systems -- 14th
                   International Conference, DEON 2018, Utrecht, The
                   Netherlands, 3-6 July, 2018}},
  editor =        {Jan Broersen and Cleo Condoravdi and Shyam Nair and
                   Gabriella Pigozzi},
  OPTnote =          {{John-Jules Meyer} Best Paper Award},
  pages =         {33-50},
  publisher =     {College Publications},
  title =         {A Dyadic Deontic Logic in {HOL}},
  year =          {2018}
}

@techreport{R65,
  author =        {Benzm{\"u}ller, Christoph and Parent, Xavier},
  institution =   {CoRR},
  note =          {\url{https://arxiv.org/abs/1803.09681}},
  title =         {{I/O} Logic in {HOL} -- First Steps},
  year =          {2018},
}

@inproceedings{ParentT17,
  author =        {Xavier Parent and Leendert W. N. van der Torre},
  booktitle =     {Proceedings of the 16th edition of the International
                   Conference on Articial Intelligence and Law, {ICAIL}
                   2017, London, United Kingdom, June 12-16, 2017},
  editor =        {Jeroen Keppens and Guido Governatori},
  pages =         {169--178},
  publisher =     {{ACM}},
  title =         {The pragmatic oddity in a norm-based deontic logic},
  year =          {2017},
}

@inproceedings{DBLP:conf/deon/ParentT18,
  author =        {Xavier Parent and Leendert W. N. van der Torre},
  booktitle =     {Deontic Logic and Normative Systems -- 14th
                   International Conference, {DEON} 2018, Utrecht, The
                   Netherlands, July 3-6, 2018.},
  editor =        {Jan M. Broersen and Cleo Condoravdi and Nair Shyam and
                   Gabriella Pigozzi},
  pages =         {285--299},
  publisher =     {College Publications},
  title =         {{I/O} Logics with a Consistency Check},
  year =          {2018},
}

@article{DBLP:journals/jphil/Parent14,
  author =        {X. Parent},
  journal =       {Journal of Philosophical Logic},
  number =        {6},
  pages =         {1101-1128},
  title =         {Maximality vs. Optimality in Dyadic Deontic Logic},
  volume =        {43},
  year =          {2014},
}

@misc{parent19,
  author =        {Xavier Parent},
  note =          {In {D.} Gabbay, J. Horty, X. Parent, R. van der
                   Meyden and L. van der Torre (eds.), \emph{Handbook of
                   Deontic Logic and Normative Systems}, volume 2,
                   College Publications, London, UK},
  title =         {Preference-based semantics for dyadic deontic logics
                   in {H}ansson's tradition: a survey of axiomatisation
                   results},
  year =          {to appear},
}

@book{frege79:_begrif,
  author =        {Gottlob Frege},
  publisher =     {Halle},
  title =         {Begriffsschrift. Eine der arithmetischen
                   nachgebildete Formelsprache des reinen Denkens},
  year =          {1879},
}



@InCollection{J43,
  author =	 {Benzm\"uller, Christoph and Andrews, Peter},
	title        =	{Church's Type Theory},
	booktitle    =	{The Stanford Encyclopedia of Philosophy},
	editor       =	{Edward N. Zalta},
	howpublished =	{\url{https://plato.stanford.edu/entries/type-theory-church/}},
	year         =	2019,
	edition      =	{Summer 2019},
	publisher    =	{Metaphysics Research Lab, Stanford University},
	url          =  {https://plato.stanford.edu/entries/type-theory-church/},
	pages = {1-62 (in pdf version)}
}

@incollection{B5,
  author =        {Christoph Benzm{\"u}ller and Dale Miller},
  booktitle =     {Handbook of the History of Logic, Volume 9 --
                   Computational Logic},
  editor =        {Gabbay, Dov M. and Siekmann, J\"org H. and
                   Woods, John},
  pages =         {215-254},
  publisher =     {North Holland, Elsevier},
  title =         {Automation of Higher-Order Logic},
  year =          {2014},
}

@article{J6,
  author =        {Christoph Benzm{\"u}ller and Chad Brown and
                   Michael Kohlhase},
  journal =       {Journal of Symbolic Logic},
  number =        {4},
  pages =         {1027-1088},
  title =         {Higher-Order Semantics and Extensionality},
  volume =        {69},
  year =          {2004}
}

@article{Henkin50,
  author =        {L.~Henkin},
  journal =       {Journal of Symbolic Logic},
  number =        {2},
  pages =         {81--91},
  title =         {Completeness in the Theory of Types},
  volume =        {15},
  year =          {1950},
}

@misc{W62,
  author =        {Benzm\"uller, Christoph and Farjami, Ali and
                   Parent, Xavier},
  booktitle =     {Special issue MIREL 2018},
  note =          {To appear in \emph{Journal of Applied Logics --
                   IfCoLoG Journal of Logics and their Applications},
                   Special issue MIREL 2018 workshop on MIning and
                   REasoning with Legal texts,
                   Url (preprint):
                   \url{http://orbilu.uni.lu/handle/10993/37014}},
  publisher =     {MIREL 2018 workshop on MIning and REasoning with
                   Legal texts},
  title =         {{A}qvist's Dyadic Deontic Logic {E} in {HOL}},
  year =          {2019},
}

@book{ddl:L73,
  address =       {Oxford},
  author =        {D. Lewis},
  publisher =     {Blackwell},
  title =         {Counterfactuals},
  year =          {1973},
}

@Article{KH2017,
author="Kjos-Hanssen, Bj{\o}rn",
title="A Conflict Between Some Semantic Conditions of {C}armo and {J}ones for Contrary-to-Duty Obligations",
journal="Studia Logica",
year="2017",
month="Feb",
volume="105",
number="1",
pages="173--178"
}


@book{GewirthRM,
  author =        {Gewirth, Alan},
  publisher =     {University of Chicago Press},
  title =         {Reason and Morality},
  year =          {1981},
}

@book{Beyleveld,
  author =        {Beyleveld, Deryck},
  publisher =     {University of Chicago Press},
  title =         {The Dialectical Necessity of Morality: An Analysis
                   and Defense of Alan Gewirth's Argument to the
                   Principle of Generic Consistency},
  year =          {1991},
}


@inproceedings{Govindarajulu2017,
  author    = {Naveen Sundar Govindarajulu and
               Selmer Bringsjord},
  title     = {On Automating the Doctrine of Double Effect},
  booktitle = {Proceedings of the Twenty-Sixth International Joint Conference on
               Artificial Intelligence, {IJCAI} 2017, Melbourne, Australia, August
               19-25, 2017},
  pages     = {4722--4730},
  year      = {2017},
  editor    = {Carles Sierra},
  publisher = {ijcai.org},
}


@techreport{R66,
  author =        {Benzm{\"u}ller, Christoph and Parent, Xavier},
  institution =   {CoRR},
  note =          {\url{http://arxiv.org/abs/1804.02929}},
  title =         {First Experiments with a Flexible Infrastructure for
                   Normative Reasoning},
  year =          {2018},
}

@inproceedings{CVC4,
  author =        {Morgan Deters and Andrew Reynolds and Tim King and
                   Clark W. Barrett and Cesare Tinelli},
  booktitle =     {Formal Methods in Computer-Aided Design, {FMCAD}},
  pages =         {7},
  publisher =     {{IEEE}},
  title =         {A tour of {CVC4:} How it works, and how to use it},
  year =          {2014}
}

@inproceedings{Spass,
  author =        {Jasmin C. Blanchette and Andrei Popescu and
                   Daniel Wand and Christoph Weidenbach},
  booktitle =     {{ITP} 2012, Proceedings},
  pages =         {345--360},
  publisher =     {Springer},
  series =        {Lecture Notes in Computer Science},
  title =         {{More {SPASS} with Isabelle -- Superposition with Hard
                   Sorts and Configurable Simplification}},
  volume =        {7406},
  year =          {2012}
}

@inproceedings{Nitpick,
  author    = {Jasmin Christian Blanchette and
               Tobias Nipkow},
  title     = {Nitpick: {A} Counterexample Generator for Higher-Order Logic Based
               on a Relational Model Finder},
  booktitle = {Interactive Theorem Proving, First International Conference, {ITP}
               2010, Edinburgh, UK, July 11-14, 2010. Proceedings},
  pages     = {131--146},
  year      = {2010},
  editor    = {Matt Kaufmann and
               Lawrence C. Paulson},
  series    = {Lecture Notes in Computer Science},
  volume    = {6172},
  publisher = {Springer},
}

@article{Kornai,
  author =        {Kornai, Andr{\'a}s},
  journal =       {Journal of Experimental \& Theoretical Artificial
                   Intelligence},
  number =        {3},
  pages =         {417--438},
  publisher =     {Taylor \& Francis},
  title =         {Bounding the impact of {AGI}},
  volume =        {26},
  year =          {2014},
}


@article{dignum18:_special_issue,
  author =        {Dignum (Ed.), Virginia },
  journal =       {Ethics and Information Technology},
  number =        {1},
  title =         {Special Issue: Ethics and Artificial Intelligence},
  volume =        {20},
  year =          {2018},
}

@article{Winfield2018,
  author =        {Alan F. T. Winfield and Marina Jirotka},
  journal =       {Philosophical Transactions of the Royal Society A:
                   Mathematical, Physical and Engineering Sciences},
  number =        {2133},
  pages =         {20180085},
  title =         {Ethical governance is essential to building trust in
                   robotics and artificial intelligence systems},
  volume =        {376},
  year =          {2018}
}
@incollection{ddl:Al94,
crossref={ddl:MW94}, 
 author = {Alchourr\'{o}n, C.},
 title = {Philosophical foundations of deontic logic and the logic of defeasible conditionals},
 pages = {43-84}
} 

@Book{ddl:MW94,
  editor =	 "Meyer, J.-J.Ch. and Wieringa, R.J.",
  title =	 "Deontic Logic in Computer Science",
  booktitle =	 "Deontic Logic in Computer Science",
   year =	 "1993",
  publisher  =	"John Wiley \& Sons, Inc.",
  address =	"New York"
}

@inproceedings{ijcai2017-655,
  author    = {Virginia Dignum},
  title     = {Responsible Autonomy},
  booktitle = {Proceedings of the Twenty-Sixth International Joint Conference on
               Artificial Intelligence, {IJCAI} 2017, Melbourne, Australia, August
               19-25, 2017},
  pages     = {4698--4704},
  year      = {2017},
  editor    = {Carles Sierra},
  publisher = {ijcai.org},
}


@article{Scheutz2017,
  author =        {Matthias Scheutz},
  journal =       {AI Magazine},
  pages =         {57-64},
  title =         {The Case for Explicit Ethical Agents},
  volume =        {38},
  year =          {2017},
}

@article{Malle2016,
  author =        {Bertram F. Malle},
  journal =       {Ethics and Information Technology},
  number =        {4},
  pages =         {243--256},
  publisher =     {Springer Nature},
  title =         {Integrating Robot Ethics and Machine Morality: The
                   Study and Design of Moral Competence in Robots},
  volume =        {18},
  year =          {2016},
}

@article{DBLP:journals/ras/DennisFSW16,
  author =        {Louise A. Dennis and Michael Fisher and
                   Marija Slavkovik and Matt Webster},
  journal =       {Robotics and Autonomous Systems},
  pages =         {1--14},
  title =         {Formal verification of ethical choices in autonomous
                   systems},
  volume =        {77},
  year =          {2016}
}

@article{DBLP:journals/irob/AndersonA15,
  author =        {Michael Anderson and Susan Leigh Anderson},
  journal =       {Industrial Robot},
  number =        {4},
  pages =         {324--331},
  title =         {Toward ensuring ethical behavior from autonomous
                   systems: a case-supported principle-based paradigm},
  volume =        {42},
  year =          {2015}
}

@article{Wallach,
  author =        {Wallach, Wendell and Allen, Colin and Smit, Iva},
  journal =       {AI \& Society},
  number =        {4},
  pages =         {565--582},
  publisher =     {Springer},
  title =         {Machine morality: bottom-up and top-down approaches
                   for modelling human moral faculties},
  volume =        {22},
  year =          {2008},
}

@inproceedings{DBLP:conf/isaim/DennisF18,
  author =        {Louise A. Dennis and Michael Fisher},
  booktitle =     {International Symposium on Artificial Intelligence
                   and Mathematics, {ISAIM} 2018, Fort Lauderdale,
                   Florida, USA, January 3-5, 2018},
  title =         {Practical Challenges in Explicit Ethical Machine
                   Reasoning},
  year =          {2018},
  pages = {(7 pages)}
}

@inproceedings{DBLP:conf/tableaux/Otten17,
  author    = {Jens Otten},
  title     = {Non-clausal Connection Calculi for Non-classical Logics},
  booktitle = {Automated Reasoning with Analytic Tableaux and Related Methods -- 26th
               International Conference, {TABLEAUX} 2017, Bras{\'{\i}}lia, Brazil,
               September 25-28, 2017, Proceedings},
  pages     = {209--227},
  year      = {2017},
  editor    = {Renate A. Schmidt and
               Cl{\'{a}}udia Nalon},
  series    = {Lecture Notes in Computer Science},
  volume    = {10501},
  publisher = {Springer},
}


@inproceedings{DBLP:conf/birthday/FurbachS14,
  author =        {Ulrich Furbach and Claudia Schon},
  booktitle =     {Advances in Knowledge Representation, Logic
                   Programming, and Abstract Argumentation},
  editor =        {Thomas Eiter and Hannes Strass and
                   Miroslaw Truszczynski and Stefan Woltran},
  pages =         {63--80},
  publisher =     {Springer},
  series =        {Lecture Notes in Computer Science},
  title =         {Deontic Logic for Human Reasoning},
  volume =        {9060},
  year =          {2015},
}

@inproceedings{DBLP:conf/birthday/SchmidtH13,
  author    = {Renate A. Schmidt and
               Ullrich Hustadt},
  title     = {First-Order Resolution Methods for Modal Logics},
  booktitle = {Programming Logics -- Essays in Memory of Harald Ganzinger},
  pages     = {345--391},
  year      = {2013},
  editor    = {Andrei Voronkov and
               Christoph Weidenbach},
  series    = {Lecture Notes in Computer Science},
  volume    = {7797},
  publisher = {Springer},
}


@article{DBLP:journals/ijswis/KontopoulosBGA11,
  author =        {Efstratios Kontopoulos and Nick Bassiliades and
                   Guido Governatori and Grigoris Antoniou},
  journal =       {International Journal on Semantic Web Information Systems},
  number =        {1},
  pages =         {18--43},
  title =         {A Modal Defeasible Reasoner of Deontic Logic for the
                   Semantic Web},
  volume =        {7},
  year =          {2011},
}

@inproceedings{C58,
  Address =	 {Potsdam, Germany},
  Author =	 {Max Wisniewski and Alexander Steen and Christoph
                  Benzm{\"u}ller},
  Editor =	 {Andreas Schwill and Ulrike Lucke},
  Booktitle =	 {Hochschuldidaktik der Informatik: 7. Fachtagung des
                  GI-Fachbereichs Informatik und Ausbildung/Didaktik
                  der Informatik; 13.-14. September 2016 an der
                  Universit{\"a}t Potsdam},
  Keywords =	 {own, Computational Metaphysics},
  isbn =	 {978-3-86956-376-3},
  issn =	 {1868-0844},
  Publisher =	 {Universit{\"a}tsverlag Potsdam},
  Series =	 {Commentarii informaticae didacticae (CID)},
  Title =	 {{Einsatz von Theorembeweisern in der Lehre}},
  Pages =	 {81-92},
  Url =
                  {https://publishup.uni-potsdam.de/opus4-ubp/frontdoor/index/index/docId/9485},
  Year =	 2016
}


@inproceedings{DBLP:conf/isaim/BringsjordGMS18,
  author    = {Selmer Bringsjord and
               Naveen Sundar G. and
               Bertram F. Malle and
               Matthias Scheutz},
  title     = {Contextual Deontic Cognitive Event Calculi for Ethically Correct Robots},
  booktitle = {International Symposium on Artificial Intelligence and Mathematics,
               {ISAIM} 2018, Fort Lauderdale, Florida, USA, January 3-5, 2018.},
  year      = {2018},
  pages = {1--3},
}


@book{DBLP:series/sapere/PereiraS16,
  author =        {Lu{\'{\i}}s Moniz Pereira and Ari Saptawijaya},
  publisher =     {Springer},
  series =        {Studies in Applied Philosophy, Epistemology and
                   Rational Ethics},
  title =         {Programming machine ethics},
  volume =        {26},
  year =          {2016}
}

@inproceedings{DBLP:conf/ijcai/GovindarajuluB17,
  author =        {Naveen Sundar Govindarajulu and Selmer Bringsjord},
  booktitle =     {{IJCAI}-17},
  pages =         {4722--4730},
  OPTpublisher =     {ijcai.org},
  title =         {On Automating the Doctrine of Double Effect},
  year =          {2017},
}

@book{krat02,
  address =       {New York},
  author =        {Angelika Kratzer},
  publisher =     {Oxford University Press},
  title =         {Modals and Conditionals: New and Revised
                   Perspectives},
  year =          {2012},
}

@book{Horty12,
  author =        {J. Horty},
  publisher =     {Oxford University Press},
  title =         {Reasons as Defaults},
  year =          {2012},
}

@article{H08,
  author =        {J. Hansen},
  journal =       {Journal of Autonomous Agents and Multi-Agent Systems},
  number =        {1},
  pages =         {11-35},
  title =         {Prioritized conditional imperatives: problems and a
                   new proposal},
  volume =        {17},
  year =          {2008},
}

@inproceedings{C55,
  author =        {Christoph Benzm{\"u}ller and
                   Woltzenlogel Paleo, Bruno},
  booktitle =     {{IJCAI}-16},
  editor =        {Subbarao Kambhampati},
  pages =         {936-942},
  publisher =     {AAAI Press},
  title =         {The Inconsistency in {G{\"o}del's} Ontological
                   Argument: A Success Story for {AI} in Metaphysics},
  volume =        {1-3},
  year =          {2016}
}

@inproceedings{C40,
  author =        {Christoph Benzm{\"u}ller and
                   Woltzenlogel Paleo, Bruno},
  booktitle =     {ECAI 2014},
  editor =        {Torsten Schaub and Gerhard Friedrich and
                   Barry O'Sullivan},
  pages =         {93--98},
  publisher =     {IOS Press},
  series =        {Frontiers in Artificial Intelligence and
                   Applications},
  title =         {Automating {G\"{o}del's} Ontological Proof of {God}'s
                   Existence with Higher-order Automated Theorem
                   Provers},
  volume =        {263},
  year =          {2014},
}

@incollection{GoedelNotes,
  author =        {K.~G\"odel},
  booktitle =     {Logic and Theism},
  editor =        {Sobel, J.H.},
  pages =         {144-145},
  publisher =     {Cambridge University Press},
  title =         {Appendix {A}: Notes in {Kurt G\"odel's} Hand},
  year =          {1970},
  isbn =          {9781139449984},
}

@incollection{ScottNotes,
  author =        {D. Scott},
  booktitle =     {Logic and Theism},
  editor =        {Sobel, J.H.},
  pages =         {145-146},
  publisher =     {Cambridge University Press},
  title =         {Appendix {B}: Notes in {Dana Scott's} Hand},
  year =          {1972}
}

@article{J32,
  author =        {Benzm{\"u}ller, Christoph and Weber, Leon and
                   Woltzenlogel Paleo, Bruno},
  journal =       {Logica Universalis},
  number =        {1},
  pages =         {139-151},
  title =         {Computer-Assisted Analysis of the
                   {Anderson-H\'{a}jek} Controversy},
  volume =        {11},
  year =          {2017}
}

@article{Bringsjord2006TowardAG,
  author =        {Selmer Bringsjord and Konstantine Arkoudas and
                   Paul Bello},
  journal =       {IEEE Intelligent Systems},
  pages =         {38-44},
  title =         {Toward a General Logicist Methodology for Engineering
                   Ethically Correct Robots},
  volume =        {21},
  year =          {2006},
}

@inproceedings{Furbach2014AutomatedRI,
  author =        {Ulrich Furbach and Claudia Schon and
                   Frieder Stolzenburg},
  booktitle =     {MIWAI 2015, Proceedings},
  pages =         {57-68},
  publisher = {Springer},
  series =        {Lecture Notes in Computer Science},
  title =         {Automated Reasoning in Deontic Logic},
  volume =        {8875},
  year =          {2014},
}


@article{J50,
  Author =	 {Kirchner, Daniel and Benzm{\"u}ller, Christoph and
                  Zalta, Edward N.},
  Keywords =	 {own, submitted, Higher Order Logic, Higher Order Modal Logic,
                  Universal Reasoning, Computational Metaphysics},
  Title =	 {Mechanizing Principia Logico-Metaphysica in
                  Functional Type Theory},
  Journal =	 {Review of Symbolic Logic},
  Publisher =    {Cambridge University Press},
  Doi = {10.1017/S1755020319000297},
  pages = {xxx-xxx},
  Note =	 {Preprint: \url{https://arxiv.org/abs/1711.06542}},
  volume = {xxx},
  Year =	 2019,
}


@unpublished{zalta16:_princ_logic_metap,
  author =        {Edward N. Zalta},
  note =          {Draft version, preprint available at
                   \url{https://mally.stanford.edu/principia.pdf}},
  title =         {Principia Logico-Metaphysica},
  year =          {2018},
}

@book{sobel2004logic,
  author =        {Sobel, J.H.},
  booktitle =     {Logic and Theism},
  editor =        {Sobel, J.H.},
  publisher =     {Cambridge University Press},
  title =         {Logic and Theism},
  year =          {2004},
  isbn =          {9781139449984},
}

@proceedings{DBLP:conf/deon/2018,
  editor =        {Jan M. Broersen and Cleo Condoravdi and Nair Shyam and
                   Gabriella Pigozzi},
  publisher =     {College Publications},
  title =         {Deontic Logic and Normative Systems -- 14th
                   International Conference, {DEON} 2018, Utrecht, The
                   Netherlands, July 3-6, 2018},
  year =          {2018},
}

@book{ddl:GG02,
  address =       {Dordrecht, Holland},
  booktitle =     {Handbook of Philosophical Logic},
  edition =       {2nd},
  editor =        {D. Gabbay and F. Guenthner},
  publisher =     {Kluwer Academic Publishers},
  title =         {Handbook of Philosophical Logic},
  volume =        {8},
  year =          {2002},
}

@proceedings{DBLP:conf/icail/2017,
  editor =        {Jeroen Keppens and Guido Governatori},
  publisher =     {{ACM}},
  title =         {Proceedings of the 16th edition of the International
                   Conference on Articial Intelligence and Law, {ICAIL}
                   2017, London, United Kingdom, June 12-16, 2017},
  year =          {2017},
}

@incollection{B19,
  Keywords =	 {own, Computational Hermeneutics, Higher Order Logic,
                  Universal Reasoning, Rational Argumentation,
                  Human-Machine Interaction},
  Author =	 {Fuenmayor, David and Benzm{\"u}ller, Christoph},
  Title =	 {A Computational-Hermeneutic Approach for Conceptual Explicitation},
  Booktitle =	 {Model-Based Reasoning in Science and Technology. Inferential Models for Logic, Language, Cognition and Computation},
  Editor =	 {A. Nepomuceno and L. Magnani and F. Salguero and C. Bares and M. Fontaine},
  Publisher =	 {Springer},
  Series =       {SAPERE},
  Volume = {49},
  Pages = {441-469},
  Year =	 2019,
  Doi =  {10.1007/978-3-030-32722-4_25},
  OPTnote = 	 {Preprint \url{http://doi.org/10.13140/RG.2.2.30869.78564}},
}

@article{J38,
  Author =	 {David Fuenmayor and Christoph Benzm\"uller},
  Journal =	 {Journal of Applied Logic -- IfCoLoG Journal of Logics
                  and their Applications (special issue on Formal
                  Approaches to the Ontological Argument)},
  Volume =	 5,
  Number =	 7,
  Pages =	 {1567-1603},
  Editors =	 {Silvestre, Ricardo and B\'{e}ziau, Jean-Yves},
  Keywords =	 {own, Automated Reasoning, Interactive Proof,
                  Ontology Reasoning, Higher Order Logic,
                  Computational Metaphysics},
  Title =	 {A Case Study On Computational Hermeneutics:
                  {E.~J.~Lowe's} Modal Ontological Argument},
  Year =	 2018,
  OPTNote =	 {To be published also as chapter in the book 'Beyond
                  Faith and Rationality: Essays on Logic, Religion and
                  Philosophy' printed in the Springer book series
                  'Sophia Studies in Cross-cultural Philosophy of
                  Traditions and Cultures', preprint:
                  \url{http://christoph-benzmueller.de/papers/J38.pdf}},
}

@misc{Sergot08,
  author =        {Marek Sergot},
  howpublished =  {Lecture Course Notes, Department of Computing
                   Imperial College, London,
  \url{https://www.doc.ic.ac.uk/~mjs/teaching/ModalTemporal499/Epistemic_499_v0809_2up.pdf}},
  title =         {Epistemic Logic and ‘Common Knowledge’},
  year =          {2008},
  note = {accessed March 9, 2020}
}

@InCollection{sep-logic-deontic,
	author       =	{McNamara, Paul},
	title        =	{Deontic Logic},
	booktitle    =	{The Stanford Encyclopedia of Philosophy},
	editor       =	{Edward N. Zalta},
	howpublished =	{\url{https://plato.stanford.edu/archives/sum2019/entries/logic-deontic/}},
	year         =	{2019},
	edition      =	{Summer 2019},
	publisher    =	{Metaphysics Research Lab, Stanford University}
}


@MastersThesis{zahoransky19,
  type = {{BSc} Thesis},
  author = 	 {Valeria Zahoransky},
  title = 	 {Modelling the {US} Constitution in {HOL}},
  school = 	 {Freie Universität Berlin},
  year = 	 2019}
  

@inproceedings{C82,
  Keywords =	 {own, Normative Reasoning, Deontic Logic, Machine Ethics, Formal Methods, Automated Reasoning, ProoF Assistants, Explainable AI},
  Author =	 {David Fuenmayor and Christoph Benzm{\"u}ller},
  Booktitle =    {{CLAR} 2020 -- 3rd International Conference on Logic and Argumentation},
  Editor =	 {Dastani, Mehdi and Dong, Huimin and van der Torre, Leon},
  Series    =    {Logic in Asia: Studia Logica Library},
  Publisher =    {Springer Nature Switzerland AG},
  Year      =    2020,
  Title =	 {Computer-supported Analysis of Arguments in Climate Engineering},
  Note =	 {To appear},
  Url =          {https://www.researchgate.net/publication/338829452},
  pages =	 {108-116},
  doi =       {10.1007/978-3-319-94205-6_8},
}


