@inCollection{B12,
  keywords =	 {Modal Logics, Semantic Embedding, Higher Order
                  Logic, Automated Reasoning, LEO Prover},
  author =	 {C. Benzm\"uller},
  editor =	 {S. Siegler and N. Wasser},
  booktitle =	 {Verification, Induction, Termination Analysis -
                  Festschrift for Christoph Walther on the Occasion of
                  His 60th Birthday},
  title =	 {Verifying the Modal Logic Cube is an Easy Task (for
                  Higher-Order Automated Reasoners)},
  series =	 {LNCS},
  volume =	 6463,
  publisher =	 {Springer},
  year =	 2010,
  pages =	 {117-128},
  doi =		 {10.1007/978-3-642-17172-7\_7},
  url =		 {http://christoph-benzmueller.de/papers/B12.pdf},
}

@article{GoedelGod-AFP,
  author =	 {C. Benzm\"uller and B. Woltzenlogel Paleo},
  title =	 {G\"odel's God in Isabelle/HOL},
  journal =	 {Archive of Formal Proofs},
  month =	 nov,
  year =	 2013,
  note =	 {\url{http://afp.sf.net/entries/GoedelGod.shtml},
                  Formal proof development},
  ISSN =	 {2150-914x},
}

@Article{J23,
  keywords =	 {Higher Order Logic, Semantic Embedding, Modal
                  Logics, Henkin Semantics},
  author =	 {C. Benzm{\"u}ller and L.C. Paulson},
  title =	 {Quantified Multimodal Logics in Simple Type Theory},
  journal =	 {Logica Universalis (Special Issue on Multimodal
                  Logics)},
  year =	 2013,
  volume =	 7,
  number =	 1,
  pages =	 {7-20},
  doi =		 {10.1007/s11787-012-0052-y},
  url =		 {http://christoph-benzmueller.de/papers/J23.pdf},
}

@article{Rabe,
  author =	 {Rabe, F. and Pudlak, P. and Sutcliffe, G. and Shen,
                  W.},
  title =	 {Solving the \$ 100 modal logic challenge},
  journal =	 {Journal of Applied Logic},
  year =	 2009,
  volume =	 7,
  pages =	 {113-130},
  doi =		 {10.1016/j.jal.2007.07.007}
}

@InProceedings{C25,
  keywords =	 {Higher Order Logic, Henkin Semantics, Automated
                  Reasoning},
  author =	 {C. Benzm{\"u}ller and F. Rabe and G.  Sutcliffe},
  title =	 {{THF0} -- The Core of the {TPTP} Language for
                  Classical Higher-Order Logic},
  editor =	 {A. Armando and P. Baumgartner and G.  Dowek},
  booktitle =	 {Automated Reasoning, 4th International Joint
                  Conference, IJCAR 2008, Sydney, Australia, August
                  12-15, 2008, Proceedings},
  url =		 {http://christoph-benzmueller.de/papers/C25.pdf},
  publisher =	 {Springer},
  pages =	 {491-506},
  series =	 {LNCS},
  year =	 2008,
  doi =		 {10.1007/978-3-540-71070-7\_41},
  volume =	 5195
}

@inproceedings{BlanchetteN-ITP10,
  author =	 {J.C. Blanchette and T. Nipkow},
  title =	 {Nitpick: A counterexample generator for higher-order
                  logic based on a relational model finder},
  booktitle =	 {Interactive Theorem Proving (ITP 2010)},
  editor =	 {M. Kaufmann and L. Paulson},
  publisher =	 Springer,
  series =	 LNCS,
  volume =	 6172,
  pages =	 {131-146},
  year =	 2010,
  doi =		 {10.1007/978-3-642-14052-5\_11}
}

@incollection{Satallax,
  year =	 2010,
  isbn =	 {978-3-642-14202-4},
  booktitle =	 {Automated Reasoning},
  volume =	 6173,
  series =	 {Lecture Notes in Computer Science},
  editor =	 {Giesl, J. and H{\"a}hnle, R.},
  doi =		 {10.1007/978-3-642-14203-1\_7},
  title =	 {Analytic Tableaux for Higher-Order Logic with
                  Choice},
  publisher =	 {Springer Berlin Heidelberg},
  author =	 {Backes, J. and Brown, C.E.},
  pages =	 {76-90},
}

@InProceedings{C26,
  keywords =	 {LEO Prover, Higher Order Logic, Automated Reasoning,
                  Henkin Semantics},
  author =	 {C. Benzm{\"u}ller and F. Theiss and L.C. Paulson and
                  A. Fietzke},
  title =	 {{LEO-II} - A Cooperative Automatic Theorem Prover
                  for Higher-Order Logic (System Description)},
  editor =	 {A. Armando and P. Baumgartner and G.  Dowek},
  booktitle =	 {Automated Reasoning, 4th International Joint
                  Conference, IJCAR 2008, Sydney, Australia, August
                  12-15, 2008, Proceedings},
  url =		 {http://christoph-benzmueller.de/papers/C26.pdf},
  publisher =	 {Springer},
  series =	 {LNCS},
  pages =	 {162-170},
  year =	 2008,
  doi =		 {10.1007/978-3-540-71070-7\_14},
  volume =	 5195,
  comment =	 {<a
                  href="http://christoph-benzmueller.de/papers/2008_IJCAR_LEO-II.pdf
                  " target="_blank">slides</a>},
}

@Book{Nipkow-Paulson-Wenzel:2002,
  author =	 {T. Nipkow and L.C. Paulson and M. Wenzel},
  title =	 {Isabelle/HOL --- A Proof Assistant for Higher-Order
                  Logic},
  publisher =	 {Springer},
  series =	 {LNCS},
  volume =	 2283,
  year =	 2002
}

@inproceedings{EasyChair:128,
  author =	 {L.C. Paulson and J.C. Blanchette},
  title =	 {Three years of experience with Sledgehammer, a
                  Practical Link Between Automatic and Interactive
                  Theorem Provers},
  booktitle =	 {IWIL 2010},
  editor =	 {G. Sutcliffe and S. Schulz and E. Ternovska},
  series =	 {EPiC Series},
  volume =	 2,
  pages =	 {1-11},
  year =	 2012,
  publisher =	 {EasyChair},
  bibsource =	 {EasyChair, http://www.easychair.org},
  issn =	 {2040-557X},
}

@inproceedings{hurd2003d,
  author =	 {J. Hurd},
  title =	 {First-Order Proof Tactics in Higher-Order Logic
                  Theorem Provers},
  booktitle =	 {Design and Application of Strategies/Tactics in
                  Higher Order Logics (STRATA 2003)},
  editor =	 {M. Archer and B. Di Vito and C. Mu{\~{n}}oz},
  series =	 {{NASA} Technical Reports},
  year =	 2003,
  pages =	 {56-68},
  url =		 {http://www.gilith.com/research/papers},
}

@PhdThesis{sultana14:_higher,
  author =	 {Sultana, N.},
  title =	 {{Higher-order proof translation}},
  year =	 2015,
  school =	 {Computer Laboratory, University of Cambridge},
  note =	 {Available as Tech Report UCAM-CL-TR-867}
}

@InProceedings{ECAI,
  keywords =	 {Automated Reasoning, Interactive Proof, Ontology
                  Reasoning, LEO Prover, Higher Order Logic},
  editor =	 {T. Schaub and G. Friedrich and B. O'Sullivan},
  author =	 {C. Benzm{\"u}ller and B. Woltzenlogel Paleo},
  title =	 {Automating {G\"{o}del's} Ontological Proof of
                  {God}'s Existence with Higher-order Automated
                  Theorem Provers},
  pages =	 {93 -- 98},
  booktitle =	 {ECAI 2014},
  doi =		 {10.3233/978-1-61499-419-0-93},
  series =	 {Frontiers in Artificial Intelligence and
                  Applications},
  volume =	 263,
  publisher =	 {IOS Press},
  year =	 2014,
  comment =	 {<a
                  href="http://christoph-benzmueller.de//papers/2014-ECAI.pdf
                  " target="_blank">slides</a>},
  url =		 {http://christoph-benzmueller.de/papers/C40.pdf},
}

@inproceedings{SPASS,
  author =	 {C. Weidenbach and D. Dimova and A. Fietzke and
                  R. Kumar and M. Suda and P. Wischnewski},
  title =	 {{SPASS} Version 3.5},
  booktitle =	 {Automated Deduction - CADE-22, 22nd International
                  Conference on Automated Deduction, Montreal, Canada,
                  August 2-7, 2009. Proceedings},
  pages =	 {140--145},
  year =	 2009,
  doi =		 {10.1007/978-3-642-02959-2\_10},
  editor =	 {R.A. Schmidt},
  series =	 {LNCS},
  volume =	 5663,
  publisher =	 {Springer},
}

@inproceedings{E,
  author =	 {S. Schulz},
  title =	 {System Description: {E} 1.8},
  booktitle =	 {Logic for Programming, Artificial Intelligence, and
                  Reasoning - 19th International Conference, LPAR-19,
                  Stellenbosch, South Africa, December 14-19,
                  2013. Proceedings},
  pages =	 {735--743},
  year =	 2013,
  doi =		 {10.1007/978-3-642-45221-5\_49},
  editor =	 {K.L. McMillan and A. Middeldorp and A. Voronkov},
  title =	 {Logic for Programming, Artificial Intelligence, and
                  Reasoning - 19th International Conference, LPAR-19,
                  Stellenbosch, South Africa, December 14-19,
                  2013. Proceedings},
  series =	 {LNCS},
  volume =	 8312,
  publisher =	 {Springer},
}

@inproceedings{Vampire,
  author =	 {L. Kov{\'{a}}cs and A. Voronkov},
  title =	 {First-Order Theorem Proving and Vampire},
  booktitle =	 {Computer Aided Verification - 25th International
                  Conference, {CAV} 2013, Saint Petersburg, Russia,
                  July 13-19, 2013. Proceedings},
  pages =	 {1--35},
  year =	 2013,
  doi =		 {10.1007/978-3-642-39799-8\_1},
  editor =	 {N. Sharygina and H. Veith},
  series =	 {LNCS},
  volume =	 8044,
  publisher =	 {Springer},
}

@inproceedings{Z3,
  author =	 {L.M. de Moura and N. Bj{\o}rner},
  title =	 {{Z3:} An Efficient {SMT} Solver},
  booktitle =	 {Tools and Algorithms for the Construction and
                  Analysis of Systems, 14th International Conference,
                  {TACAS} 2008, Budapest, Hungary, March 29-April 6,
                  2008. Proceedings},
  pages =	 {337--340},
  year =	 2008,
  doi =		 {10.1007/978-3-540-78800-3\_24},
  editor =	 {C.R. Ramakrishnan and J. Rehof},
  series =	 {LNCS},
  volume =	 4963,
  publisher =	 {Springer},
}

@InProceedings{IJCAI,
  keywords =	 {Higher Order Logic, LEO Prover, Semantic Embedding,
                  Conditional Logics, Combinations of Logics},
  author =	 {C. Benzm{\"u}ller},
  title =	 {Automating Quantified Conditional Logics in {HOL}},
  booktitle =	 {23rd International Joint Conference on Artificial
                  Intelligence (IJCAI-13)},
  isbn =	 {978-1-57735-633-2},
  address =	 {Beijing, China},
  pages =	 {746-753},
  editor =	 {F. Rossi},
  year =	 2013,
  url =		 {http://ijcai.org/papers13/Papers/IJCAI13-117.pdf},
  comment =	 {<a
                  href="http://christoph-benzmueller.de/papers/2013-IJCAI-Poster.pdf"
                  target="_blank " target="_blank">poster</a>},
}

@incollection{CVC4,
  year =	 2011,
  isbn =	 {978-3-642-22109-5},
  booktitle =	 {Computer Aided Verification},
  volume =	 6806,
  series =	 {LNCS},
  editor =	 {Gopalakrishnan, Ganesh and Qadeer, Shaz},
  doi =		 {10.1007/978-3-642-22110-1\_14},
  title =	 {CVC4},
  publisher =	 {Springer Berlin Heidelberg},
  author =	 {Barrett, C. and Conway, C.L. and Deters, M. and
                  Hadarean, L. and Jovanovic, D. and King, T. and
                  Reynolds, A. and Tinelli, C.},
  pages =	 {171-177},
  language =	 {English}
}
